@book{adda2003dynamic,
title = {Dynamic Economics: Quantitative Methods and Applications},
author = {Adda, Jerome and Cooper, Russell},
year = {2003},
publisher = {The MIT Press},
}

@article{bernanke1985adjustment,
  title={Adjustment costs, durables, and aggregate consumption},
  author={Bernanke, Ben},
  journal={Journal of Monetary Economics},
  volume={15},
  number={1},
  pages={41--68},
  year={1985},
  publisher={Elsevier}
}

@article{mankiw1982hall,
  title={Hall's consumption hypothesis and durable goods},
  author={Mankiw, N Gregory},
  journal={Journal of Monetary Economics},
  volume={10},
  number={3},
  pages={417--425},
  year={1982},
  publisher={Elsevier}
}